@misc{senal_mpx,
	title = {Se√±al MPX - J\_RPM},
	url = {https://j-rpm.com/tag/senal-mpx/},
	note = {Recuperado el 17 de noviembre de 2024},
}
@book{ziemer2002principles,
	title        = {Principles of Communications: Systems, Modulation, and Noise},
	author       = {Ziemer, Rodger E. and Tranter, William H.},
	year         = 2002,
	publisher    = {John Wiley \& Sons},
	address      = {New York},
	edition      = {5th},
	isbn         = {978-0471392538},
	url          = {https://www.amazon.com/Principles-Communication-Systems-Modulation-Noise/dp/0471392537}
}
